@Book{MacRae2021,
  author    = {MacRae, Gregory and Chang, Theodore},
  publisher = {University of Canterbury},
  title     = {Introduction to Structural Steel},
  year      = {2021},
  address   = {Christchurch, NZ},
  month     = sep,
  doi       = {10.5281/zenodo.5513881},
  url       = {https://doi.org/10.5281/zenodo.5513881},
}

@Book{Dubina2012,
  author    = {Dubina, Dan and Ungureanu, Viorel and Landolfo, Raffaele},
  publisher = {ECCS},
  title     = {Design of Cold-formed Steel Structures : Eurocode 3: Design of Steel Structures},
  year      = {2012},
  address   = {Brussels, Belgium},
  isbn      = {9789291471072},
}

@Article{Dhanuskar2021,
  author    = {Dhanuskar, Jagdish R. and Gupta, Laxmikant M.},
  journal   = {International Journal of Steel Structures},
  title     = {Shear Lag Effect in Welded Single Angle Tension Member},
  year      = {2021},
  month     = {apr},
  number    = {3},
  pages     = {935--949},
  volume    = {21},
  doi       = {10.1007/s13296-021-00482-1},
  publisher = {Springer Science and Business Media {LLC}},
}

@Book{JCWRCA1971,
  author    = {{Joint Committee of the Welding Research Council and ASCE}},
  publisher = {American Society of Civil Engineers},
  title     = {Plastic design in steel : a guide and commentary},
  year      = {1971},
  address   = {New York},
  isbn      = {9780872622173},
}

@Book{Salmon2009,
  author    = {Salmon, Charles G. and Johnson, John E. and Malhas, Faris A.},
  publisher = {Pearson/Prentice Hall},
  title     = {Steel Structures: Design and Behavior},
  year      = {2009},
  edition   = {5th},
  isbn      = {9780131885561},
}

@Book{McMullin2018,
  editor    = {McMullin, Paul W. and Price, Jonathan S. and Seelos, Richard T.},
  publisher = {Routledge},
  title     = {Steel design},
  year      = {2018},
  address   = {New York},
  isbn      = {9781138831049},
}

@Book{Smith1996,
  author    = {Smith, J. C. and Smith, Whitney},
  publisher = {John Wiley \& Sons},
  title     = {Structural Steel Design: {LRFD} Approach},
  year      = {1996},
  isbn      = {0471106933},
  month     = jan,
  ean       = {9780471106937},
  pagetotal = {556},
}

@Book{Gorenc2015,
  author    = {Gorenc, Branko E. and Tinyou, Ron and Syam, A.},
  publisher = {UNIV OF WASHINGTON PR},
  title     = {Steel Designers' Handbook},
  year      = {2015},
  edition   = {8th},
  isbn      = {1742233414},
  month     = sep,
  ean       = {9781742233413},
  pagetotal = {478},
}

@InCollection{Hoeppner2013,
  author    = {Hoeppner, David W.},
  booktitle = {Encyclopedia of Tribology},
  publisher = {Springer {US}},
  title     = {Cyclic Loading and Cyclic Stress},
  year      = {2013},
  pages     = {691--698},
  doi       = {10.1007/978-0-387-92897-5_244},
}

@Book{Corgan2017,
  author    = {Corgan, K.},
  publisher = {Pearson},
  title     = {Print reading for welding and fabrication},
  year      = {2017},
  address   = {Boston},
  isbn      = {9780133803839},
}

@Article{Katsivalis2018,
  author    = {Katsivalis, Ioannis and Thomsen, Ole Thybo and Feih, Stefanie and Achintha, Mithila},
  journal   = {Glass Structures {\&} Engineering},
  title     = {Strength evaluation and failure prediction of bolted and adhesive glass/steel joints},
  year      = {2018},
  month     = {apr},
  number    = {2},
  pages     = {183--196},
  volume    = {3},
  doi       = {10.1007/s40940-018-0070-0},
  publisher = {Springer Science and Business Media {LLC}},
}

@Book{Murray1984,
  author    = {Murray, Noel},
  publisher = {Clarendon Press},
  title     = {Introduction to the theory of thin-walled structures},
  year      = {1984},
  address   = {Oxford Oxfordshire},
  isbn      = {9780198561514},
}

@Book{Roark2012,
  author    = {Roark, Raymond},
  publisher = {McGraw-Hill},
  title     = {Roark's formulas for stress and strain},
  year      = {2012},
  address   = {New York},
  isbn      = {9780071742474},
}

@Book{Hibbeler2016,
  author    = {Hibbeler, R. C.},
  publisher = {Pearson},
  title     = {Mechanics of materials},
  year      = {2016},
  address   = {Boston},
  isbn      = {9780134319650},
}

@Article{Qu2017,
  author    = {Qu, Weilian and Zhao, Ernian and Zhou, Qiang},
  journal   = {Shock and Vibration},
  title     = {Refined Analysis of Fatigue Crack Initiation Life of Beam-to-Column Welded Connections of Steel Frame under Strong Earthquake},
  year      = {2017},
  pages     = {1--13},
  volume    = {2017},
  doi       = {10.1155/2017/7946286},
  publisher = {Hindawi Limited},
}

@Book{ASI2016,
  author    = {{Australian Steel Institute}},
  publisher = {Australian Steel Institute},
  title     = {Design capacity tables for structural steel},
  year      = {2016},
  address   = {North Sydney, N.S.W},
  isbn      = {9781921476402},
}

@Book{Hetnarski2014,
  editor    = {Hetnarski, Richard B.},
  publisher = {Springer Netherlands},
  title     = {Encyclopedia of Thermal Stresses},
  year      = {2014},
  doi       = {10.1007/978-94-007-2739-7},
}

@Article{Yura1971,
  author  = {Yura, Joseph A.},
  journal = {{AISC} Engineering Journal},
  title   = {The effective length of columns in unbraced frames},
  year    = {1971},
  number  = {2},
  pages   = {37--42},
  volume  = {8},
}

@Article{Espinos2015,
  author    = {Espinos, Ana and Romero, Manuel L. and Hospitaler, Antonio and Pascual, Ana M. and Albero, Vicente},
  journal   = {Structures},
  title     = {Advanced materials for concrete-filled tubular columns and connections},
  year      = {2015},
  issn      = {2352-0124},
  month     = nov,
  pages     = {105--113},
  volume    = {4},
  doi       = {10.1016/j.istruc.2015.08.006},
  publisher = {Elsevier BV},
}

@Comment{jabref-meta: databaseType:bibtex;}
